0308        544885       07062BDE IT-SUDPARIS                                   E     0068300037275571                                               30003      
0808        544885                                                                                    0000000000000000                                          

